@book{lang2002algebra,
  author    = {Serge Lang},
  title     = {Algebra},
  publisher = {Springer},
  edition   = {Revised 3rd},
  year      = {2002}
}

@book{dummit2004algebra,
  author    = {David S. Dummit and Richard M. Foote},
  title     = {Abstract Algebra},
  publisher = {Wiley},
  edition   = {3rd},
  year      = {2004}
}

@book{stewart2015galois,
  author    = {Ian Stewart and David Tall},
  title     = {Algebraic Number Theory and Galois Theory},
  publisher = {Chapman and Hall/CRC},
  year      = {2015}
}

