@book{DF,
  author = {Dummit, David S. and Foote, Richard M.},
  title = {Abstract Algebra},
  edition = {3},
  year = {2004},
  publisher = {Wiley}
}
@book{Artin,
  author = {Artin, Michael},
  title = {Algebra},
  edition = {2},
  year = {2011},
  publisher = {Pearson}
}
@book{Lang,
  author = {Lang, Serge},
  title = {Algebra},
  edition = {3},
  year = {2002},
  publisher = {Springer}
}
@book{ST,
  author = {Stewart, Ian and Tall, David},
  title = {Algebraic Number Theory and Galois Theory},
  year = {2015},
  publisher = {Chapman and Hall/CRC}
}
@book{Neukirch,
  author = {Neukirch, J{"u}rgen},
  title = {Algebraic Number Theory},
  year = {1999},
  publisher = {Springer}
}
@book{Marcus,
  author = {Marcus, Daniel A.},
  title = {Number Fields},
  year = {1977},
  publisher = {Springer}
}
